@article{Sebastian_2021,
	doi = {10.1051/0004-6361/202038827},
	url = {https://doi.org/10.1051%2F0004-6361%2F202038827},
	year = 2021,
	month = {jan},
	publisher = {{EDP} Sciences},
	volume = {645},
	pages = {A100},
	author = {D. Sebastian and M. Gillon and E. Ducrot and F. J. Pozuelos and L. J. Garcia and M. N. GÃ¼nther and L. Delrez and D. Queloz and B. O. Demory and A. H. M. J. Triaud and A. Burgasser and J. de Wit and A. Burdanov and G. Dransfield and E. Jehin and J. McCormac and C. A. Murray and P. Niraula and P. P. Pedersen and B. V. Rackham and S. Sohy and S. Thompson and V. Van Grootel},
	title = {{SPECULOOS}: Ultracool dwarf transit survey},
	journal = {Astronomy {\&} Astrophysics}
},
@misc{Lionel_Garcia_91723376,
title={Six transiting planets and a chain of Laplace resonances in TOI-178},
journal={arXiv e-prints},
author={Lionel Garcia and Leleu, A. and Alibert, Y. and Hara, N. C. and Hooton, M. J. and Wilson, T. G. and Robutel, P. and Delisle, J. -B. and Laskar, J. and Hoyer, S. and Lovis, C. and Bryant, E. M. and Ducrot, E. and Cabrera, J. and Delrez, L. and Acton, J. S. and Adibekyan, V. and Allart, R. and Allende Prieto, C. and Alonso, R. and Alves, D. and Anderson, D. R. and Angerhausen, D. and Anglada Escud{\'e}, G. and Asquier, J. and Barrado, D. and Barros, S. C. C. and Baumjohann, W. and Bayliss, D. and Beck, M. and Beck, T. and Bekkelien, A. and Benz, W. and Billot, N. and Bonfanti, A. and Bonfils, X. and Bouchy, F. and Bourrier, V. and Bou{\'e}, G. and Brandeker, A. and Broeg, C. and Buder, M. and Burdanov, A. and Burleigh, M. R. and B{\'a}rczy, T. and Cameron, A. C. and Chamberlain, S. and Charnoz, S. and Cooke, B. F. and Corral Van Damme, C. and Correia, A. C. M. and Cristiani, S. and Damasso, M. and Davies, M. B. and Deleuil, M. and Demangeon, O. D. S. and Demory, B. -O. and Di Marcantonio, P. and Di Persio, G. and Dumusque, X. and Ehrenreich, D. and Erikson, A. and Figueira, P. and Fortier, A. and Fossati, L. and Fridlund, M. and Futyan, D. and Gandolfi, D. and Garc{\'i}a Mu{\~n}oz, A. and Garcia, L. J. and Gill, S. and Gillen, E. and Gillon, M. and Goad, M. R. and Gonz{\'a}lez Hern{\'a}ndez, J. I. and Guedel, M. and G{\"u}nther, M. N. and Haldemann, J. and Henderson, B. and Heng, K. and Hogan, A. E. and Isaak, K. and Jehin, E. and Jenkins, J. S. and Jord{\'a}n, A. and Kiss, L. and Kristiansen, M. H. and Lam, K. and Lavie, B. and Lecavelier des Etangs, A. and Lendl, M. and Lillo-Box, J. and Lo Curto, G. and Magrin, D. and Martins, C. J. A. P. and Maxted, P. F. L. and McCormac, J. and Mehner, A. and Micela, G. and Molaro, P. and Moyano, M. and Murray, C. A. and Nascimbeni, V. and Nunes, N. J. and Olofsson, G. and Osborn, H. P. and Oshagh, M. and Ottensamer, R. and Pagano, I. and Pall{\'e}, E. and Pedersen, P. P. and Pepe, F. A. and Persson, C. M. and Peter, G. and Piotto, G. and Polenta, G. and Pollacco, D. and Poretti, E. and Pozuelos, F. J. and Queloz, D. and Ragazzoni, R. and Rando, N. and Ratti, F. and Rauer, H. and Raynard, L. and Rebolo, R. and Reimers, C. and Ribas, I. and Santos, N. C. and Scandariato, G. and Schneider, J. and Sebastian, D. and Sestovic, M. and Simon, A. E. and Smith, A. M. S. and Sousa, S. G. and Sozzetti, A. and Steller, M. and Su{\'a}rez Mascare{\~n}o, A. and Szab{\'o}, Gy. M. and S{\'e}gransan, D. and Thomas, N. and Thompson, S. and Tilbrook, R. H. and Triaud, A. and Turner, O. and Udry, S. and Van Grootel, V. and Venus, H. and Verrecchia, F. and Vines, J. I. and Walton, N. A. and West, R. G. and Wheatley, P. J. and Wolter, D. and Zapatero Osorio, M. R.},
year={2021}
},
@conference{Lionel_Garcia_91723377,
title={Development of the SPECULOOS exoplanet search project},
journal={Society of Photo-Optical Instrumentation Engineers (SPIE) Conference Series},
author={Lionel Garcia and Sebastian, D. and Pedersen, P. P. and Murray, C. A. and Ducrot, E. and Garcia, L. J. and Burdanov, A. and Pozuelos, F. J. and Delrez, L. and Wells, R. and Dransfield, G. and Gillon, M. and Demory, B. -O. and Queloz, D. and Triaud, A. H. M. J. and De Witt, J. and Jehin, E. and G{\'o}mez Maqueo Chew, Y. and G{\"u}nther, M. N. and Niraula, P. and Rackham, B. V. and Schanche, N. and Sohy, S. and Thompson, S.},
doi={10.1117/12.2563563},
url={http://doi.org/10.1117/12.2563563},
year={2020}
},
@misc{Lionel_Garcia_91723378,
title={VizieR Online Data Catalog: SPECULOOS. Ultracool dwarf transit survey (Sebastian+, 2021)},
journal={VizieR Online Data Catalog},
author={Lionel Garcia and Sebastian, D. and Gillon, M. and Ducrot, E. and Pozuelos, F. J. and Garcia, L. J. and Guenther, M. N. and Delrez, L. and Queloz, D. and Demory, B. O. and Triaud, A. H. M. J. and Burgasser, A. and de Wit, J. and Burdanov, A. and Dransfield, G. and Jehin, E. and McCormac, J. and Murray, C. A. and Niraula, P. and Pedersen, P. P. and Rackham, B. V. and Sohy, S. and Thompson, S. and Van Grootel, V.},
year={2020}
},
@article{Lionel_Garcia_91723383,
title={A super-Earth and a sub-Neptune orbiting the bright, quiet M3 dwarf TOI-1266},
journal={Astronomy and Astrophysics},
author={Lionel Garcia and Demory, B. -O. and Pozuelos, F. J. and G{\'o}mez Maqueo Chew, Y. and Sabin, L. and Petrucci, R. and Schroffenegger, U. and Grimm, S. L. and Sestovic, M. and Gillon, M. and McCormac, J. and Barkaoui, K. and Benz, W. and Bieryla, A. and Bouchy, F. and Burdanov, A. and Collins, K. A. and de Wit, J. and Dressing, C. D. and Garcia, L. J. and Giacalone, S. and Guerra, P. and Haldemann, J. and Heng, K. and Jehin, E. and Jofr{\'e}, E. and Kane, S. R. and Lillo-Box, J. and Maign{\'e}, V. and Mordasini, C. and Morris, B. M. and Niraula, P. and Queloz, D. and Rackham, B. V. and Savel, A. B. and Soubkiou, A. and Srdoc, G. and Stassun, K. G. and Triaud, A. H. M. J. and Zambelli, R. and Ricker, G. and Latham, D. W. and Seager, S. and Winn, J. N. and Jenkins, J. M. and Calvario-Vel{\'a}squez, T. and Franco Herrera, J. A. and Colorado, E. and Cadena Zepeda, E. O. and Figueroa, L. and Watson, A. M. and Lugo-Ibarra, E. E. and Carigi, L. and Guisa, G. and Herrera, J. and Sierra D{\'i}az, G. and Su{\'a}rez, J. C. and Barrado, D. and Batalha, N. M. and Benkhaldoun, Z. and Chontos, A. and Dai, F. and Essack, Z. and Ghachoui, M. and Huang, C. X. and Huber, D. and Isaacson, H. and Lissauer, J. J. and Morales-Calder{\'o}n, M. and Robertson, P. and Roy, A. and Twicken, J. D. and Vanderburg, A. and Weiss, L. M.},
doi={10.1051/0004-6361/202038616},
url={http://doi.org/10.1051/0004-6361/202038616},
year={2020}
},
@article{Lionel_Garcia_91723379,
title={\pi Earth: A 3.14 day Earth-sized Planet from K2{'}s Kitchen Served Warm by the SPECULOOS Team},
journal={The Astronomical Journal},
author={Lionel Garcia and Niraula, Prajwal and Wit, Julien de and Rackham, Benjamin V. and Ducrot, Elsa and Burdanov, Artem and Crossfield, Ian J. M. and Van Grootel, Val{\'e}rie and Murray, Catriona and Garcia, Lionel J. and Alonso, Roi and Beard, Corey and Maqueo Chew, Yilen G{\'o}mez and Delrez, Laetitia and Demory, Brice-Olivier and Fulton, Benjamin J. and Gillon, Micha{\"e}l and G{\"u}nther, Maximilian N. and Howard, Andrew W. and Issacson, Howard and Jehin, Emmanu{\"e}l and Pedersen, Peter P. and Pozuelos, Francisco J. and Queloz, Didier and Rebolo-L{\'o}pez, Rafael and Lalitha, Sairam and Sebastian, Daniel and Thompson, Samantha and Triaud, Amaury H. M. J.},
doi={10.3847/1538-3881/aba95f},
url={http://doi.org/10.3847/1538-3881/aba95f},
year={2020}
},
@article{Lionel_Garcia_91723387,
title={GJ 273: on the formation, dynamical evolution, and habitability of a planetary system hosted by an M dwarf at 3.75 parsec},
journal={Astronomy and Astrophysics},
author={Lionel Garcia and Pozuelos, Francisco J. and Su{\'a}rez, Juan C. and de El{\'i}a, Gonzalo C. and Berdi{\~n}as, Zaira M. and Bonfanti, Andrea and Dugaro, Agust{\'i}n and Gillon, Micha{\"e}l and Jehin, Emmanu{\"e}l and G{\"u}nther, Maximilian N. and Van Grootel, Val{\'e}rie and Garcia, Lionel J. and Thuillier, Antoine and Delrez, Laetitia and Rod{\'o}n, Jose R.},
doi={10.1051/0004-6361/202038047},
url={http://doi.org/10.1051/0004-6361/202038047},
year={2020}
},
@conference{Lionel_Garcia_91723386,
title={The SPECULOOS Project: New targets to hunt planets of Ultra-cool dwarfs.},
journal={European Planetary Science Congress},
author={Lionel Garcia and Sebastian, Daniel and Gillon, Michael and Ducrot, Elsa and Pozuelos, Francisco J. and Garcia, Lionel J.},
year={2020}
},
@misc{Lionel_Garcia_91723388,
title={Complex Modulation of Rapidly Rotating Young M Dwarfs: Adding Pieces to the Puzzle},
journal={arXiv e-prints},
author={Lionel Garcia and G{\"u}nther, Maximilian N. and Berardo, David A. and Ducrot, Elsa and Murray, Catriona A. and Stassun, Keivan G. and Olah, Katalin and Bouma, L. G. and Rappaport, Saul and Winn, Joshua N. and Feinstein, Adina D. and Matthews, Elisabeth and Sebastian, Daniel and Rackham, Benjamin V. and Seli, B{\'a}lint and Triaud, Amaury H. M. J. and Gillen, Edward and Levine, Alan M. and Demory, Brice-Olivier and Gillon, Micha{\"e}l and Queloz, Didier and Ricker, George and Vanderspek, Roland K. and Seager, Sara and Latham, David W. and Jenkins, Jon M. and Brasseur, C. E. and Col{\'o}n, Knicole D. and Daylan, Tansu and Delrez, Laetitia and Garcia, Lionel J. and Jayaraman, Rahul and Jehin, Emmanuel and Kristiansen, Martti H. and Kruijssen, J. M. Diederik and Philmann Pedersen, Peter and Pozuelos, Francisco J. and Rodriguez, Joseph E. and Wohler, Bill and Zhan, Zhuchang},
year={2020}
},
@article{Murray_2020,	doi = {10.1093/mnras/staa1283},	url = {https://doi.org/10.1093%2Fmnras%2Fstaa1283},	year = 2020,	month = {may},	publisher = {Oxford University Press ({OUP})},	volume = {495},	number = {2},	pages = {2446--2457},	author = {C A Murray and L Delrez and P P Pedersen and D Queloz and M Gillon and A Burdanov and E Ducrot and L J Garcia and F Lienhard and B O Demory and E Jehin and J McCormac and D Sebastian and S Sohy and S J Thompson and A H M J Triaud and V V Grootel and M N Günther and C X Huang},	title = {Photometry and performance of {SPECULOOS}-South},	journal = {Monthly Notices of the Royal Astronomical Society}},
@conference{Lionel_Garcia_91723392,
title={Validation of a CCD cosmic ray event simulator against Gaia in-orbit data},
journal={High Energy, Optical, and Infrared Detectors for Astronomy VIII},
author={Lionel Garcia and Garcia, Lionel and Prod{'}homme, Thibaut and Lucsanyi, David and Short, Alex and Santin, Giovanni and Vuolo, Marco and Crowley, Cian and Abreu, Asier and Kholey, Ralf and Lemmel, Frederic and Smit, Hans and de Bruijne, Jos},
doi={10.1117/12.2314090},
url={http://doi.org/10.1117/12.2314090},
year={2018}
}